@book{kostrikin1989linear,
  title={Linear Algebra and Geometry},
  author={Yu I, Manin and Kostrikin, Alexei I},
  year={1989},
  publisher={CRC Press}
}

@book{hoffman1971linear,
  title={Linear Algebra},
  author={Hoffman, Kenneth and Kunze, Ray},
  journal={Prentice-Hall, New Jersey},
  year={1971}
}

@book{roman2005advanced,
  title={Advanced Linear Algebra},
  author={Roman, Steven},
  year={2005},
  publisher={Springer}
}

@book{miranda2020avancada,
  title={Álgebra Linear Avançada},
  author={Miranda, Daniel},
  year={2020},
  publisher={Notas de Aula}
}